@inproceedings{szegedy2016rethinking,
	title={Rethinking the inception architecture for computer vision},
	author={Szegedy, Christian and Vanhoucke, Vincent and Ioffe, Sergey and Shlens, Jon and Wojna, Zbigniew},
	booktitle={Proceedings of the IEEE Conference on Computer Vision and Pattern Recognition},
	pages={2818--2826},
	year={2016}
}

@book{henry1905classification,
	title={Classification and uses of finger prints},
	author={Henry, Edward Richard},
	year={1905},
	publisher={HM Stationery Office}
}

@book{galton1892,
	title={Finger Prints},
	author={Galton, F.},
	year={1892},
	publisher={Macmillan, London}
}

@article{cao2013fingerprint,
	title={Fingerprint classification by a hierarchical classifier},
	author={Cao, Kai and Pang, Liaojun and Liang, Jimin and Tian, Jie},
	journal={Pattern Recognition},
	volume={46},
	number={12},
	pages={3186--3197},
	year={2013},
	publisher={Elsevier}
}

@article{wang2014fingerprint,
	title={Fingerprint Classification Based on Depth Neural Network},
	author={Wang, Ruxin and Han, Congying and Wu, Yanping and Guo, Tiande},
	journal={arXiv preprint arXiv:1409.5188},
	year={2014}
}

@inproceedings{krizhevsky2012imagenet,
	title={Imagenet classification with deep convolutional neural networks},
	author={Krizhevsky, Alex and Sutskever, Ilya and Hinton, Geoffrey E},
	booktitle={Advances in neural information processing systems},
	pages={1097--1105},
	year={2012}
}

@misc{nist-db-4,
	Title = {NIST Special Database 4},
	year = {2010},
	note={\url{https://www.nist.gov/srd/nist-special-database-4}}
}

@misc{nist-db-14,
	Title = {NIST Special Database 14},
	year = {2010},
	note={\url{https://www.nist.gov/srd/nist-special-database-14}}
}

@article{lecun2015deep,
	title={Deep learning},
	author={LeCun, Yann and Bengio, Yoshua and Hinton, Geoffrey},
	journal={Nature},
	volume={521},
	number={7553},
	pages={436--444},
	year={2015},
	publisher={Nature Research}
}

@misc{aaddhaar,
	Title = {Unique Identification Authority of India},
	note={\url{https://portal.uidai.gov.in/uidwebportal/dashboard.do}},
} 

@article{fbiBlackbox,
	title={Accuracy and reliability of forensic latent fingerprint decisions},
	author={Ulery, Bradford T. and Hicklin, R. Austin and Buscaglia, JoAnn and Roberts, Maria Antonia },
	journal={Proceedings of the National Academy of Sciences of the United States of America},
	volume={108},
	number={19},
	pages={7733--7738436},
	year={2011},
	publisher={National Academy of Sciences of the United States of America}
}

@article{karuJain1996,
	title={Fingerprint classification},
	author={Kalle Karu and Anil K. Jain},
	journal={Pattern Recognition},
	volume={29},
	number={3},
	pages={389--404},
	year={1996},
	issn={0031-3203},
	doi={http://dx.doi.org/10.1016/0031-3203(95)00106-9},
	url={http://www.sciencedirect.com/science/article/pii/0031320395001069}
}

@article{JainSalil1999, 
	author={A. K. Jain and S. Prabhakar and Lin Hong}, 
	journal={IEEE Transactions on Pattern Analysis and Machine Intelligence}, 
	title={A multichannel approach to fingerprint classification}, 
	year={1999}, 
	volume={21}, 
	number={4}, 
	pages={348-359},  
	doi={10.1109/34.761265}, 
	ISSN={0162-8828}, 
	month={Apr},}

@ARTICLE{cappelli1999, 
	author={R. Cappelli and A. Lumini and D. Maio and D. Maltoni}, 
	journal={IEEE Transactions on Pattern Analysis and Machine Intelligence}, 
	title={Fingerprint classification by directional image partitioning}, 
	year={1999}, 
	volume={21}, 
	number={5}, 
	pages={402-421}, 
	doi={10.1109/34.765653}, 
	ISSN={0162-8828}, 
	month={May},}

@article{FitzGreen1996,
	title={Fingerprint classification using a hexagonal fast fourier transform},
	author={A.P. Fitz and R.J. Green",}
	journal={Pattern Recognition},
	volume={29},
	number={10},
	pages={1587--1597},
	year={1996},
	issn={0031-3203},
	doi={http://dx.doi.org/10.1016/0031-3203(96)00018-0"},
	url={http://www.sciencedirect.com/science/article/pii/0031320396000180},
}

@INPROCEEDINGS{Bernard2001, 
	author={S. Bernard and N. Boujemaa and D. Vitale and C. Bricot}, 
	booktitle={Proceedings 2001 International Conference on Image Processing (Cat. No.01CH37205)}, 
	title={Fingerprint classification using Kohonen topologic map}, 
	year={2001}, 
	volume={3}, 
	pages={230-233 vol.3}, 
	doi={10.1109/ICIP.2001.958093}, 
	month={},}

@incollection{caruana1998multitask,
	title={Multitask learning},
	author={Caruana, Rich},
	booktitle={Learning to learn},
	pages={95--133},
	year={1998},
	publisher={Springer}
}

@article{zhang2016learning,
	title={Learning deep representation for face alignment with auxiliary attributes},
	author={Zhang, Zhanpeng and Luo, Ping and Loy, Chen Change and Tang, Xiaoou},
	journal={IEEE transactions on pattern analysis and machine intelligence},
	volume={38},
	number={5},
	pages={918--930},
	year={2016},
	publisher={IEEE}
}

@misc{NFIQ,
	Title = {NIST Finger Image Quality 2.0},
	note={\url{https://www.nist.gov/services-resources/software/development-nfiq-20}},
} 
@inproceedings{he2016deep,
	title={Deep residual learning for image recognition},
	author={He, Kaiming and Zhang, Xiangyu and Ren, Shaoqing and Sun, Jian},
	booktitle={Proceedings of the IEEE Conference on Computer Vision and Pattern Recognition},
	pages={770--778},
	year={2016}
}
@inproceedings{nair2010rectified,
	title={Rectified linear units improve restricted boltzmann machines},
	author={Nair, Vinod and Hinton, Geoffrey E},
	booktitle={Proceedings of the 27th international conference on machine learning (ICML-10)},
	pages={807--814},
	year={2010}
}

@article{kingma2014adam,
	title={Adam: A method for stochastic optimization},
	author={Kingma, Diederik and Ba, Jimmy},
	journal={arXiv preprint arXiv:1412.6980},
	year={2014}
}
@book{nijSourceBook,
	title={The Fingerprint Source Book},
	author={National Institute of Justice},
	year={1892},
	publisher={US Department of Justice}
}